@article{Zheng_2015,
   title={Conditional Random Fields as Recurrent Neural Networks},
   ISBN={9781467383912},
   url={http://dx.doi.org/10.1109/ICCV.2015.179},
   DOI={10.1109/iccv.2015.179},
   journal={2015 IEEE International Conference on Computer Vision (ICCV)},
   publisher={IEEE},
   author={Zheng, Shuai and Jayasumana, Sadeep and Romera-Paredes, Bernardino and Vineet, Vibhav and Su, Zhizhong and Du, Dalong and Huang, Chang and Torr, Philip H. S.},
   year={2015},
   month={Dec}
}

@misc{krhenbhl2012efficient,
    title={Efficient Inference in Fully Connected CRFs with Gaussian Edge Potentials},
    author={Philipp Krähenbühl and Vladlen Koltun},
    year={2012},
    eprint={1210.5644},
    archivePrefix={arXiv},
    primaryClass={cs.CV}
}

@misc{frazier2018tutorial,
    title={A Tutorial on Bayesian Optimization},
    author={Peter I. Frazier},
    year={2018},
    eprint={1807.02811},
    archivePrefix={arXiv},
    primaryClass={stat.ML}
}

@misc{ulku2019survey,
    title={A Survey on Deep Learning-based Architectures for Semantic Segmentation on 2D images},
    author={Irem Ulku and Erdem Akagunduz},
    year={2019},
    eprint={1912.10230},
    archivePrefix={arXiv},
    primaryClass={cs.CV}
}

@article{Gewali2018ATO,
  title={A Tutorial on Modeling and Inference in Undirected Graphical Models for Hyperspectral Image Analysis},
  author={Utsav B. Gewali and Sildomar T. Monteiro},
  journal={ArXiv},
  year={2018},
  volume={abs/1801.08268}
}
